<collection xmlns="http://www.loc.gov/MARC21/slim">
<record>
  <leader>01826nam0a22003491i 450 </leader>
  <controlfield tag="001">IT\ICCU\CNCE\057389</controlfield>
  <controlfield tag="005">20180208000000.0</controlfield>
  <datafield tag="012" ind1=" " ind2=" ">
    <subfield code="a">uato i.hi e.te FaDi (3) 1600 (R)</subfield>
    <subfield code="2">fei</subfield>
  </datafield>
  <datafield tag="100" ind1=" " ind2=" ">
    <subfield code="a">20040413d1600        0itac0103    ba</subfield>
  </datafield>
  <datafield tag="101" ind1=" " ind2=" ">
    <subfield code="a">ITA</subfield>
  </datafield>
  <datafield tag="102" ind1=" " ind2=" ">
    <subfield code="a">IT</subfield>
  </datafield>
  <datafield tag="200" ind1="1" ind2=" ">
    <subfield code="a">Prima parte del rimario doloroso di fra Desiderio Piacentini da Ferrara frate giesuato et chierico apostolico di San Girolamo</subfield>
  </datafield>
  <datafield tag="210" ind1=" " ind2=" ">
    <subfield code="a">In Triuigi</subfield>
    <subfield code="c">presso Aurelio Reghettini</subfield>
    <subfield code="d">1600</subfield>
  </datafield>
  <datafield tag="215" ind1=" " ind2=" ">
    <subfield code="a">24 c.</subfield>
    <subfield code="d">8ʻ</subfield>
  </datafield>
  <datafield tag="300" ind1=" " ind2=" ">
    <subfield code="a">Edizione attribuita a Francesco Zanetti o a Evangelista Deuchino. Cfr. A. Cont,̣ La stampa a Treviso nel secolo XVI. Appunti per un catalogo, n. 135</subfield>
  </datafield>
  <datafield tag="620" ind1=" " ind2=" ">
    <subfield code="a">IT</subfield>
    <subfield code="d">Treviso</subfield>
  </datafield>
  <datafield tag="700" ind1=" " ind2="1">
    <subfield code="a">Piacentini,</subfield>
    <subfield code="b">Desiderio</subfield>
    <subfield code="3">IT\ICCU\CNCA\017503</subfield>
  </datafield>
  <datafield tag="712" ind1="0" ind2="0">
    <subfield code="a">Reghettini, Aurelio</subfield>
    <subfield code="3">IT\ICCU\CNCT\000126</subfield>
    <subfield code="4">650</subfield>
  </datafield>
  <datafield tag="712" ind1="0" ind2="0">
    <subfield code="a">Zanetti, Fabrizio</subfield>
    <subfield code="3">IT\ICCU\CNCT\000127</subfield>
    <subfield code="4">650</subfield>
  </datafield>
  <datafield tag="712" ind1="0" ind2="0">
    <subfield code="a">Deuchino, Evangelista</subfield>
    <subfield code="3">IT\ICCU\CNCT\000420</subfield>
    <subfield code="4">650</subfield>
  </datafield>
  <datafield tag="790" ind1=" " ind2="1">
    <subfield code="a">Piacentino,</subfield>
    <subfield code="b">Desiderio</subfield>
    <subfield code="3">IT\ICCU\CNCA\021756</subfield>
    <subfield code="z">Piacentini, Desiderio</subfield>
  </datafield>
  <datafield tag="791" ind1="0" ind2="0">
    <subfield code="a">Righettini, Aurelio</subfield>
    <subfield code="3">IT\ICCU\CNCT\002550</subfield>
    <subfield code="z">Reghettini, Aurelio</subfield>
  </datafield>
  <datafield tag="791" ind1="0" ind2="0">
    <subfield code="a">Reghettinus, Aurelius</subfield>
    <subfield code="3">IT\ICCU\CNCT\005342</subfield>
    <subfield code="z">Reghettini, Aurelio</subfield>
  </datafield>
  <datafield tag="791" ind1="0" ind2="0">
    <subfield code="a">Righetinus, Aurelius</subfield>
    <subfield code="3">IT\ICCU\CNCT\005351</subfield>
    <subfield code="z">Reghettini, Aurelio</subfield>
  </datafield>
  <datafield tag="791" ind1="0" ind2="0">
    <subfield code="a">Zanettus, Fabritius</subfield>
    <subfield code="3">IT\ICCU\CNCT\005794</subfield>
    <subfield code="z">Zanetti, Fabrizio</subfield>
  </datafield>
  <datafield tag="791" ind1="0" ind2="0">
    <subfield code="a">Dehuchinus, Evangelista</subfield>
    <subfield code="3">IT\ICCU\CNCT\003767</subfield>
    <subfield code="z">Deuchino, Evangelista</subfield>
  </datafield>
  <datafield tag="791" ind1="0" ind2="0">
    <subfield code="a">Dehuchino, Evangelista</subfield>
    <subfield code="3">IT\ICCU\CNCT\004624</subfield>
    <subfield code="z">Deuchino, Evangelista</subfield>
  </datafield>
  <datafield tag="801" ind1=" " ind2="3">
    <subfield code="a">IT</subfield>
    <subfield code="b">ICCU</subfield>
    <subfield code="c">20201115</subfield>
  </datafield>
  <datafield tag="899" ind1=" " ind2=" ">
    <subfield code="a">Biblioteca comunale Ariostea. Ferrara</subfield>
    <subfield code="1">FE0017</subfield>
    <subfield code="2">UFE AR</subfield>
  </datafield>
  <datafield tag="899" ind1=" " ind2=" ">
    <subfield code="a">Biblioteca nazionale Marciana. Venezia</subfield>
    <subfield code="1">VE0049</subfield>
    <subfield code="2">VEA BM</subfield>
  </datafield>
  <datafield tag="911" ind1=" " ind2=" ">
    <subfield code="a">Sul front.</subfield>
    <subfield code="9">IT\ICCU\CNCM\002567</subfield>
  </datafield>
  <datafield tag="921" ind1=" " ind2=" ">
    <subfield code="a">IT\ICCU\CNCM\002567</subfield>
    <subfield code="b">Albero con lupo passante. In cornice figurata.</subfield>
    <subfield code="e">Tutus eris</subfield>
    <subfield code="c">U1082</subfield>
    <subfield code="f">ALBERO</subfield>
    <subfield code="f">LUPO</subfield>
    <subfield code="f">TUTUSERIS</subfield>
    <subfield code="g">1599-1600</subfield>
  </datafield>
</record>
</collection>
